<collection xmlns="http://www.loc.gov/MARC21/slim">
<record>
  <leader>00991nam0a2200217 i 450 </leader>
  <controlfield tag="001">IT\ICCU\CNCE\060502</controlfield>
  <controlfield tag="005">20070111000000.0</controlfield>
  <datafield tag="012" ind1=" " ind2=" ">
    <subfield code="a">i-l- e,r- ioer din- (C) 1598 (A)</subfield>
    <subfield code="2">fei</subfield>
  </datafield>
  <datafield tag="100" ind1=" " ind2=" ">
    <subfield code="a">20050506d1598        0itac0103    ba</subfield>
  </datafield>
  <datafield tag="101" ind1=" " ind2=" ">
    <subfield code="a">ITA</subfield>
  </datafield>
  <datafield tag="102" ind1=" " ind2=" ">
    <subfield code="a">IT</subfield>
  </datafield>
  <datafield tag="200" ind1="1" ind2=" ">
    <subfield code="a">Capitoli della pace convenuti, et stabiliti tra le due maest,̉ christianissima, e catholica. Con l&apos;inclusione anco del serenissimo di Sauoia. PubIicati in Brusseles alli XX aprile 1598. Et poi in Lione, et Turino</subfield>
  </datafield>
  <datafield tag="210" ind1=" " ind2=" ">
    <subfield code="a">Stampata in Bologna</subfield>
    <subfield code="d">et ristampata in Piacenza</subfield>
    <subfield code="c">per Gio. Bazachi</subfield>
    <subfield code="d">1598</subfield>
  </datafield>
  <datafield tag="215" ind1=" " ind2=" ">
    <subfield code="a">\4! c.</subfield>
    <subfield code="d">8ʻ</subfield>
  </datafield>
  <datafield tag="620" ind1=" " ind2=" ">
    <subfield code="a">IT</subfield>
    <subfield code="d">Piacenza</subfield>
  </datafield>
  <datafield tag="710" ind1="0" ind2="2">
    <subfield code="a">Francia</subfield>
    <subfield code="c"> &lt;Regno&gt;</subfield>
    <subfield code="3">IT\ICCU\CNCT\005550</subfield>
  </datafield>
  <datafield tag="712" ind1="0" ind2="0">
    <subfield code="a">Bazachi, Giovanni</subfield>
    <subfield code="3">IT\ICCU\CNCT\001313</subfield>
    <subfield code="4">650</subfield>
  </datafield>
  <datafield tag="791" ind1="0" ind2="0">
    <subfield code="a">Bazzachi, Giovanni</subfield>
    <subfield code="3">IT\ICCU\CNCT\003629</subfield>
    <subfield code="z">Bazachi, Giovanni</subfield>
  </datafield>
  <datafield tag="791" ind1="0" ind2="0">
    <subfield code="a">Bazachius, Ioannes</subfield>
    <subfield code="3">IT\ICCU\CNCT\004307</subfield>
    <subfield code="z">Bazachi, Giovanni</subfield>
  </datafield>
  <datafield tag="801" ind1=" " ind2="3">
    <subfield code="a">IT</subfield>
    <subfield code="b">ICCU</subfield>
    <subfield code="c">20201115</subfield>
  </datafield>
  <datafield tag="899" ind1=" " ind2=" ">
    <subfield code="a">Biblioteca della collegiata S. Pietro Apostolo. Broni</subfield>
    <subfield code="1">PV0012</subfield>
    <subfield code="2">ZPV 05</subfield>
  </datafield>
</record>
</collection>
